@Article{Accardi:2009br,
      author         = "Accardi, A. and others",
      title          = "{New parton distributions from large-x and low-Q^2 data}",
      journal        = "Phys.Rev.",
      volume         = "D81",
      pages          = "034016",
      doi            = "10.1103/PhysRevD.81.034016",
      year           = "2010",
      reportNumber   = "JLAB-THY-09-09-1105",
      SLACcitation   = "%%CITATION = ARXIV:0911.2254;%%"
}


@ARTICLE{Ackerstaff2000,
  author = {Ackerstaff, K. and others},
  title = {{Nuclear effects on R = sigma(L)/sigma(T) in deep inelastic scattering}},
  journal = {Phys. Lett.},
  year = {2000},
  volume = {B475},
  pages = {386-394},
  collaboration = {HERMES},
  doi = {10.1016/S0370-2693(99)01493-8},
  slaccitation = {%%CITATION = HEP-EX/9910071;%%},
}

@ARTICLE{Akulinichev1985,
  author = {Akulinichev, S. V. and Kulagin, Sergey A. and Vagradov, G. M.},
  title = {{The Role of Nuclear Binding in Deep Inelastic Lepton Nucleon Scattering}},
  journal = {Phys. Lett.},
  year = {1985},
  volume = {B158},
  pages = {485-488},
  doi = {10.1016/0370-2693(85)90799-3},
  slaccitation = {%%CITATION = PHLTA,B158,485;%%},
}

@article{Alde:1990im,
      author         = "Alde, D.M. and Baer, H.W. and Carey, T.A. and Garvey,
                        G.T. and Klein, A. and others",
      title          = "{Nuclear dependence of dimuon production at 800-GeV.
                        FNAL-772 experiment}",
      journal        = "Phys.Rev.Lett.",
      volume         = "64",
      pages          = "2479-2482",
      doi            = "10.1103/PhysRevLett.64.2479",
      year           = "1990",
      SLACcitation   = "%%CITATION = PRLTA,64,2479;%%",
}

@article{Allasia:1990nt,
      author         = "Allasia, D. and others",
      title          = "{Measurement of the neutron and the proton F2 structure
                        function ratio}",
      collaboration  = "New Muon Collaboration",
      journal        = "Phys.Lett.",
      volume         = "B249",
      pages          = "366-372",
      doi            = "10.1016/0370-2693(90)91270-L",
      year           = "1990",
      reportNumber   = "CERN-PPE-90-103",
      SLACcitation   = "%%CITATION = PHLTA,B249,366;%%",
}


@ARTICLE{Alde1990,
  author = {Alde, D. M. and others},
  title = {{Nuclear dependence of dimuon production at 800-GeV. FNAL- 772 experiment}},
  journal = {Phys. Rev. Lett.},
  year = {1990},
  volume = {64},
  pages = {2479-2482},
  doi = {10.1103/PhysRevLett.64.2479},
  slaccitation = {%%CITATION = PRLTA,64,2479;%%},
}

@article{Alvioli:2006jd,
      author         = "Alvioli, M. and Ciofi degli Atti, C. and Palli, V.",
      title          = "{Slow proton production in semi-inclusive DIS off nuclei:
                        The Role of final state interaction}",
      journal        = "Nucl.Phys.",
      volume         = "A782",
      pages          = "175-178",
      doi            = "10.1016/j.nuclphysa.2006.10.054",
      year           = "2007",
      SLACcitation   = "%%CITATION = NUCL-TH/0609030;%%",
}

@article{Arneodo:1988aa,
      author         = "Arneodo, M. and others",
      title          = "{Shadowing in Deep Inelastic Muon Scattering from Nuclear
                        Targets}",
      collaboration  = "European Muon Collaboration",
      journal        = "Phys.Lett.",
      volume         = "B211",
      pages          = "493",
      doi            = "10.1016/0370-2693(88)91900-4",
      year           = "1988",
      reportNumber   = "CERN-EP-88-56",
      SLACcitation   = "%%CITATION = PHLTA,B211,493;%%",
}

@article{Arneodo:1989sy,
      author         = "Arneodo, M. and others",
      title          = "{Measurements of the nucleon structure function in the
                        range $0.002-{\rm GeV}^2 < x < 0.17-{\rm GeV}^2$ and
                        $0.2-GeV^2 < q^2 < 8-GeV^2$ in deuterium, carbon and
                        calcium}",
      collaboration  = "European Muon Collaboration",
      journal        = "Nucl.Phys.",
      volume         = "B333",
      pages          = "1",
      doi            = "10.1016/0550-3213(90)90221-X",
      year           = "1990",
      reportNumber   = "CERN-EP-89-121",
      SLACcitation   = "%%CITATION = NUPHA,B333,1;%%",
}

@ARTICLE{arneodo,
  author = {M. Arneodo},
  journal = {Phys. Rep.},
  year = {1994},
  volume = {240},
  pages = {393}
}

@article{Ashman:1988bf,
      author         = "Ashman, J. and others",
      title          = "{Measurement of the Ratios of Deep Inelastic Muon -
                        Nucleus Cross-Sections on Various Nuclei Compared to
                        Deuterium}",
      collaboration  = "European Muon Collaboration",
      journal        = "Phys.Lett.",
      volume         = "B202",
      pages          = "603",
      doi            = "10.1016/0370-2693(88)91872-2",
      year           = "1988",
      reportNumber   = "CERN-EP-88-06",
      SLACcitation   = "%%CITATION = PHLTA,B202,603;%%",
}

@ARTICLE{ffd,
  author = {Assamagan, K. and others},
  title = {{Time-zero fission-fragment detector based on low-pressure multiwire
	proportional chambers}},
  journal = {Nucl. Instrum. Meth.},
  year = {1999},
  volume = {A426},
  pages = {405-419},
  doi = {10.1016/S0168-9002(98)01399-0},
  slaccitation = {%%CITATION = NUIMA,A426,405;%%},
}

@ARTICLE{Aubert1983a,
  author = {Aubert, J. J. and others},
  title = {{The ratio of the nucleon structure functions $F2_n$ for iron and
	deuterium}},
  journal = {Phys. Lett.},
  year = {1983},
  volume = {B123},
  pages = {275},
  collaboration = {European Muon Collaboration},
  doi = {10.1016/0370-2693(83)90437-9},
  slaccitation = {%%CITATION = PHLTA,B123,275;%%},
}

@MISC{baillie,
  author = {N. Baillie},
  year = {2010},
  eprint = {Ph.D. Thesis, The College of William and Mary}
}

@article{Baillie:2011za,
      author         = "Baillie, N. and others",
      title          = "{Measurement of the neutron F2 structure function via
                        spectator tagging with CLAS}",
      collaboration  = "CLAS Collaboration",
      journal        = "Phys.Rev.Lett.",
      volume         = "108",
      pages          = "142001",
      year           = "2012",
      eprint         = "1110.2770",
      SLACcitation   = "%%CITATION = ARXIV:1110.2770;%%",
}

@ARTICLE{lpac,
  author = {A. Breskin and others},
  journal = {Nucl. Instr. and Meth. A},
  year = {1984},
  volume = {221},
  pages = {363}
}

@MISC{bonus12,
  author = {M. E. Christy and others},
  SLACcitation = {, JLab experiment E12-06-113}
}

@MISC{bonus6,
  author = {M. E. Christy and others},
  SLACcitation = {, JLab experiment E03-012}
}

@ARTICLE{ciofiliuti1991,
      author         = "Ciofi degli Atti, Claudio and Liuti, S.",
      title          = "{Can nuclear binding explain the classical EMC effect?}",
      journal        = "Nucl.Phys.",
      volume         = "A532",
      pages          = "241-248",
      doi            = "10.1016/0375-9474(91)90698-6",
      year           = "1991",
      SLACcitation   = "%%CITATION = NUPHA,A532,241;%%"
}

@article{CiofidegliAtti:1993ep,
      author         = "Ciofi degli Atti, Claudio and Simula, S.",
      title          = "{Slow proton production in semiinclusive deep inelastic
                        lepton scattering off nuclei}",
      journal        = "Phys.Lett.",
      volume         = "B319",
      pages          = "23-28",
      doi            = "10.1016/0370-2693(93)90775-D",
      year           = "1993",
      SLACcitation   = "%%CITATION = PHLTA,B319,23;%%",
}

@ARTICLE{CiofidegliAtti1999,
  author = {Ciofi degli Atti, Claudio and Kaptari, L. P. and Scopetta, S.},
  title = {{Semi-inclusive deep inelastic lepton scattering off complex nuclei}},
  journal = {Eur. Phys. J.},
  year = {1999},
  volume = {A5},
  pages = {191-207},
  doi = {10.1007/s100500050275},
  slaccitation = {%%CITATION = HEP-PH/9904486;%%},
}

@ARTICLE{CiofidegliAtti2003,
  author = {Ciofi degli Atti, Claudio and Kopeliovich, B. Z.},
  title = {{Final state interaction in semi-inclusive DIS off nuclei}},
  journal = {Eur. Phys. J.},
  year = {2003},
  volume = {A17},
  pages = {133-144},
  doi = {10.1140/epja/i2002-10140-7},
  slaccitation = {%%CITATION = NUCL-TH/0207001;%%},
}

@ARTICLE{ciofi2004,
      author         = "Ciofi degli Atti, Claudio and Kaptari, L.P. and
                        Kopeliovich, B.Z.",
      title          = "{Final state interaction effects in semiinclusive DIS off
                        the deuteron}",
      journal        = "Eur.Phys.J.",
      volume         = "A19",
      pages          = "145-151",
      doi            = "10.1140/epja/i2003-10117-0",
      year           = "2004",
      SLACcitation   = "%%CITATION = NUCL-TH/0307052;%%"
}

@article{CiofidelgiAtti:2007qu,
      author         = "Ciofi delgi Atti, C. and Kaptari, L.P.",
      title          = "{A Non factorized calculation of the process
                        He-3(e,e-prime p) H-2 at medium energies}",
      journal        = "Phys.Rev.Lett.",
      volume         = "100",
      pages          = "122301",
      doi            = "10.1103/PhysRevLett.100.122301",
      year           = "2008",
      SLACcitation   = "%%CITATION = ARXIV:0705.3951;%%",
}

@Article{CiofidegliAtti:2007vx,
     author    = "Ciofi degli Atti, C. and others",
     title     = "{On the dependence of the wave function of a bound nucleon
                  on its   momentum and the EMC effect}",
     journal   = "Phys. Rev.",
     volume    = "C76",
     year      = "2007",
     pages     = "055206",
     doi       = "10.1103/PhysRevC.76.055206",
     SLACcitation  = "%%CITATION = 0706.2937;%%"
}


@article{Atti:2010yf,
      author         = "Ciofi degli Atti, C. and Kaptari, L.P.",
      title          = "{Semi-inclusive Deep Inelastic Scattering off Few-Nucleon
                        Systems: Tagging the EMC Effect and Hadronization
                        Mechanisms with Detection of Slow Recoiling Nuclei}",
      journal        = "Phys.Rev.",
      volume         = "C83",
      pages          = "044602",
      doi            = "10.1103/PhysRevC.83.044602",
      year           = "2011",
      SLACcitation   = "%%CITATION = ARXIV:1011.5960;%%",
}

@ARTICLE{CiofidegliAtti2012,
  author = {Ciofi degli Atti, Claudio},
  slaccitation = {, Private communication}
}

@article{Brodsky:2004qa,
      author         = "Brodsky, Stanley J. and Schmidt, Ivan and Yang, Jian-Jun",
      title          = "{Nuclear antishadowing in neutrino deep inelastic
                        scattering}",
      journal        = "Phys.Rev.",
      volume         = "D70",
      pages          = "116003",
      doi            = "10.1103/PhysRevD.70.116003",
      year           = "2004",
      eprint         = "hep-ph/0409279",
      archivePrefix  = "arXiv",
      primaryClass   = "hep-ph",
      reportNumber   = "SLAC-PUB-9677, USM-TH-136",
      SLACcitation   = "%%CITATION = HEP-PH/0409279;%%",
}

@ARTICLE{Cloet2009,
  author = {Cloet, I. C. and Bentz, W. and Thomas, A. W.},
  title = {{Isovector EMC effect explains the NuTeV anomaly}},
  journal = {Phys. Rev. Lett.},
  year = {2009},
  volume = {102},
  pages = {252301},
  doi = {10.1103/PhysRevLett.102.252301},
  slaccitation = {%%CITATION = 0901.3559;%%},
}

@article{Chang:2011ra,
      author         = "Chang, Wen-Chen and Cloet, Ian and Dutta, Dipangkar and
                        Peng, Jen-Chieh",
      title          = "{Probing flavor-dependent EMC effect with W boson
                        production}",
      year           = "2011",
      eprint         = "1109.3108",
      archivePrefix  = "arXiv",
      primaryClass   = "hep-ph",
      SLACcitation   = "%%CITATION = ARXIV:1109.3108;%%",
}


@ARTICLE{Close1988,
  author = {Close, F. E. and Roberts, R. G. and Ross, Graham G.},
  title = {{FACTORIZATION SCALE INDEPENDENCE, THE CONNECTION BETWEEN ALTERNATIVE
	EXPLANATIONS OF THE EMC EFFECT AND QCD PREDICTIONS FOR NUCLEAR PROPERTIES}},
  journal = {Nucl. Phys.},
  year = {1988},
  volume = {B296},
  pages = {582},
  __markedentry = {[xiaohui]},
  doi = {10.1016/0550-3213(88)90034-X},
  slaccitation = {%%CITATION = NUPHA,B296,582;%%},
}

@ARTICLE{Close1983,
  author = {Close, F. E. and Roberts, R. G. and Ross, Graham G.},
  title = {{The Effect of Confinement Size on Nuclear Structure Functions}},
  journal = {Phys. Lett.},
  year = {1983},
  volume = {B129},
  pages = {346},
  doi = {10.1016/0370-2693(83)90679-2},
  slaccitation = {%%CITATION = PHLTA,B129,346;%%},
}

@ARTICLE{Dunne1985,
  author = {Dunne, Gerald V. and Thomas, Anthony William},
  title = {{DEEP INELASTIC SCATTERING AS A PROBE OF NUCLEON AND NUCLEAR STRUCTURE}},
  journal = {Nucl. Phys.},
  year = {1985},
  volume = {A446},
  pages = {437c-443c},
  doi = {10.1016/0375-9474(85)90617-7},
  slaccitation = {%%CITATION = NUPHA,A446,437C;%%},
}

@article{Egiyan:2003vg,
      author         = "Egiyan, K.S. and others",
      title          = "{Observation of nuclear scaling in the A(e, e-prime)
                        reaction at x(B) greater than 1}",
      collaboration  = "CLAS Collaboration",
      journal        = "Phys.Rev.",
      volume         = "C68",
      pages          = "014313",
      doi            = "10.1103/PhysRevC.68.014313",
      year           = "2003",
      reportNumber   = "JLAB-PHY-03-48",
      SLACcitation   = "%%CITATION = NUCL-EX/0301008;%%",
}

@article{Egiyan:2005hs,
      author         = "Egiyan, K.S. and others",
      title          = "{Measurement of 2- and 3-nucleon short range correlation
                        probabilities in nuclei}",
      collaboration  = "CLAS Collaboration",
      journal        = "Phys.Rev.Lett.",
      volume         = "96",
      pages          = "082501",
      doi            = "10.1103/PhysRevLett.96.082501",
      year           = "2006",
      reportNumber   = "JLAB-PHY-05-285",
      SLACcitation   = "%%CITATION = NUCL-EX/0508026;%%",
}

@ARTICLE{Ericson1983,
  author = {Ericson, Magda and Thomas, Anthony William},
  title = {{Pionic Corrections and the EMC Enhancement of the Sea in Iron}},
  journal = {Phys. Lett.},
  year = {1983},
  volume = {B128},
  pages = {112},
  doi = {10.1016/0370-2693(83)90085-0},
  slaccitation = {%%CITATION = PHLTA,B128,112;%%},
}

@MISC{cali,
  author = {H. Fenker},
  year = {2007},
  eprint = {BoNuS technical note}
}

@article{Frankfurt:1993sp,
      author         = "Frankfurt, L.L. and Strikman, M.I. and Day, D.B. and
                        Sargsian, M.",
      title          = "{Evidence for short range correlations from high Q**2 (e,
                        e-prime) reactions}",
      journal        = "Phys.Rev.",
      volume         = "C48",
      pages          = "2451-2461",
      doi            = "10.1103/PhysRevC.48.2451",
      year           = "1993",
      SLACcitation   = "%%CITATION = PHRVA,C48,2451;%%",
}


@ARTICLE{Frankfurt1996,
  author = {Frankfurt, L. L. and Greenberg, W. R. and Miller, G. A. and Sargsian,
	M. M. and Strikman, M. I.},
  title = {{Color transparency and the vanishing deuterium shadow}},
  journal = {Phys. Lett.},
  year = {1996},
  volume = {B369},
  pages = {201-206},
  slaccitation = {%%CITATION = NUCL-TH/9412033;%%},
}

@ARTICLE{Frankfurt1995,
  author = {Frankfurt, L. L. and Greenberg, W. R. and Miller, G. A. and Sargsian,
	M. M. and Strikman, M. I.},
  title = {{Color transparency effects in electron deuteron interactions at
	intermediate Q**2}},
  journal = {Z. Phys.},
  year = {1995},
  volume = {A352},
  pages = {97-113},
  slaccitation = {%%CITATION = NUCL-TH/9501009;%%},
}

@ARTICLE{frankfurt1988,
      author         = "Frankfurt, L.L. and Strikman, M.I.",
      title          = "{Hard Nuclear Processes and Microscopic Nuclear
                        Structure}",
      journal        = "Phys.Rept.",
      volume         = "160",
      pages          = "235-427",
      doi            = "10.1016/0370-1573(88)90179-2",
      year           = "1988",
      SLACcitation   = "%%CITATION = PRPLC,160,235;%%",
}

@ARTICLE{Frankfurt1985,
  author = {Frankfurt, L. L. and Strikman, M. I.},
  title = {{POINT - LIKE CONFIGURATIONS IN HADRONS AND NUCLEI AND DEEP INELASTIC
	REACTIONS WITH LEPTONS: EMC AND EMC LIKE EFFECTS}},
  journal = {Nucl. Phys.},
  year = {1985},
  volume = {B250},
  pages = {143-176},
  doi = {10.1016/0550-3213(85)90477-8},
  slaccitation = {%%CITATION = NUPHA,B250,143;%%},
}

@article{Frankfurt:1981mk,
      author         = "Frankfurt, L.L. and Strikman, M.I.",
      title          = "{High-Energy Phenomena, Short Range Nuclear Structure and
                        QCD}",
      journal        = "Phys.Rept.",
      volume         = "76",
      pages          = "215-347",
      doi            = "10.1016/0370-1573(81)90129-0",
      year           = "1981",
      SLACcitation   = "%%CITATION = PRPLC,76,215;%%",
}

@article{Frankfurt:1985cv,
      author         = "Frankfurt, L.L. and Strikman, M.I.",
      title          = "{POINT - LIKE CONFIGURATIONS IN HADRONS AND NUCLEI AND
                        DEEP INELASTIC REACTIONS WITH LEPTONS: EMC AND EMC LIKE
                        EFFECTS}",
      journal        = "Nucl.Phys.",
      volume         = "B250",
      pages          = "143-176",
      doi            = "10.1016/0550-3213(85)90477-8",
      year           = "1985",
      SLACcitation   = "%%CITATION = NUPHA,B250,143;%%",
}

@ARTICLE{Geesaman1995,
  author = {Geesaman, Donald F. and Saito, K. and Thomas, Anthony William},
  title = {{The nuclear EMC effect}},
  journal = {Ann. Rev. Nucl. Part. Sci.},
  year = {1995},
  volume = {45},
  pages = {337-390},
  doi = {10.1146/annurev.ns.45.120195.002005},
  slaccitation = {%%CITATION = ARNUA,45,337;%%},
}

@article{Gomez:1993ri,
      author         = "Gomez, J. and others",
      title          = "{Measurement of the A-dependence of deep inelastic
                        electron scattering}",
      journal        = "Phys.Rev.",
      volume         = "D49",
      pages          = "4348-4372",
      doi            = "10.1103/PhysRevD.49.4348",
      year           = "1994",
      reportNumber   = "SLAC-PUB-5813",
      SLACcitation   = "%%CITATION = PHRVA,D49,4348;%%",
}

@article{Higinbotham:2010ye,
      author         = "Higinbotham, D.W. and Gomez, J. and Piasetzky, E.",
      title          = "{Nuclear Scaling and the EMC Effect}",
      year           = "2010",
      eprint         = "1003.4497",
      archivePrefix  = "arXiv",
      primaryClass   = "hep-ph",
      reportNumber   = "JLAB-PHY-10-1158",
      SLACcitation   = "%%CITATION = ARXIV:1003.4497;%%",
}

@article{Weinstein:2010rt,
      author         = "Weinstein, L.B. and others",
      title          = "{Short Range Correlations and the EMC Effect}",
      journal        = "Phys.Rev.Lett.",
      volume         = "106",
      pages          = "052301",
      doi            = "10.1103/PhysRevLett.106.052301",
      year           = "2011",
      reportNumber   = "JLAB-PHY-10-1227",
      SLACcitation   = "%%CITATION = ARXIV:1009.5666;%%",
}

@ARTICLE{Jaffe1984,
  author = {Jaffe, R. L. and Close, F. E. and Roberts, R. G. and Ross, Graham
	G.},
  title = {{On the Nuclear Dependence of Electroproduction}},
  journal = {Phys. Lett.},
  year = {1984},
  volume = {B134},
  pages = {449},
  doi = {10.1016/0370-2693(84)91383-2},
  slaccitation = {%%CITATION = PHLTA,B134,449;%%},
}

@ARTICLE{Jung1988,
  author = {Jung, H. and Miller, G. A.},
  title = {{NUCLEONIC CONTRIBUTION TO LEPTON NUCLEUS DEEP INELASTIC SCATTERING}},
  journal = {Phys. Lett.},
  year = {1988},
  volume = {B200},
  pages = {351-356},
  doi = {10.1016/0370-2693(88)90786-1},
  slaccitation = {%%CITATION = PHLTA,B200,351;%%},
}


@ARTICLE{klimenko2006,
      author         = "Klimenko, A.V. and others",
      title          = "{Electron scattering from high-momentum neutrons in
                        deuterium}",
      collaboration  = "CLAS Collaboration",
      journal        = "Phys.Rev.",
      volume         = "C73",
      pages          = "035212",
      doi            = "10.1103/PhysRevC.73.035212",
      year           = "2006",
      reportNumber   = "DAPNIA-06-37, JLAB-PHY-05-32",
      SLACcitation   = "%%CITATION = NUCL-EX/0510032;%%",
}

@article{Malace:2014uea,
      author         = "Malace, Simona and Gaskell, David and Higinbotham,
                        Douglas W. and Cloet, Ian",
      title          = "{The Challenge of the EMC Effect: existing data and
                        future directions}",
      journal        = "Int.J.Mod.Phys.",
      volume         = "E23",
      pages          = "1430013",
      doi            = "10.1142/S0218301314300136",
      year           = "2014",
      eprint         = "1405.1270",
      archivePrefix  = "arXiv",
      primaryClass   = "nucl-ex",
      reportNumber   = "JLAB-PHY-14-1886",
      SLACcitation   = "%%CITATION = ARXIV:1405.1270;%%",
}

@ARTICLE{Kumano1990,
  author = {Kumano, S. and Close, F. E.},
  title = {{DEPENDENCE OF THE EMC EFFECT ON NUCLEAR STRUCTURE}},
  journal = {Phys. Rev.},
  year = {1990},
  volume = {C41},
  pages = {1855-1858},
  doi = {10.1103/PhysRevC.41.1855},
  slaccitation = {%%CITATION = PHRVA,C41,1855;%%},
}

@article{Machleidt:2000ge,
      author         = "Machleidt, R.",
      title          = "{The High precision, charge dependent Bonn
                        nucleon-nucleon potential (CD-Bonn)}",
      journal        = "Phys.Rev.",
      volume         = "C63",
      pages          = "024001",
      doi            = "10.1103/PhysRevC.63.024001",
      year           = "2001",
      SLACcitation   = "%%CITATION = NUCL-TH/0006014;%%",
}

@article{McGaughey:1999mq,
      author         = "McGaughey, P.L. and Moss, J.M. and Peng, J.C.",
      title          = "{High-energy hadron induced dilepton production from
                        nucleons and nuclei}",
      journal        = "Ann.Rev.Nucl.Part.Sci.",
      volume         = "49",
      pages          = "217-253",
      doi            = "10.1146/annurev.nucl.49.1.217",
      year           = "1999",
      eprint         = "hep-ph/9905409",
      archivePrefix  = "arXiv",
      primaryClass   = "hep-ph",
      reportNumber   = "LA-UR-99-850",
      SLACcitation   = "%%CITATION = HEP-PH/9905409;%%",
}

@ARTICLE{Melnitchouk1997,
  author = {Melnitchouk, W. and Sargsian, M. and Strikman, M. I.},
  title = {{Probing the origin of the EMC effect via tagged structure functions
	of the deuteron}},
  journal = {Z. Phys.},
  year = {1997},
  volume = {A359},
  pages = {99-109},
  doi = {10.1007/s002180050372},
  slaccitation = {%%CITATION = NUCL-TH/9609048;%%},
}

@ARTICLE{Nachtmann1984,
  author = {Nachtmann, O. and Pirner, H. J.},
  title = {{COLOR CONDUCTIVITY IN NUCLEI AND THE EMC EFFECT}},
  journal = {Z. Phys.},
  year = {1984},
  volume = {C21},
  pages = {277},
  doi = {10.1007/BF01577042},
  slaccitation = {%%CITATION = ZEPYA,C21,277;%%},
}

@ARTICLE{Norton2003,
  author = {Norton, P. R.},
  title = {{The EMC effect}},
  journal = {Rept. Prog. Phys.},
  year = {2003},
  volume = {66},
  pages = {1253-1297},
  doi = {10.1088/0034-4885/66/8/201},
  slaccitation = {%%CITATION = RPPHA,66,1253;%%},
}

@ARTICLE{Palli2009,
      author         = "Palli, V. and others",
      title          = "{Slow Proton Production in Semi-Inclusive Deep Inelastic
                        Scattering off Deuteron and Complex Nuclei: Hadronization
                        and Final State Interaction Effects}",
      journal        = "Phys.Rev.",
      volume         = "C80",
      pages          = "054610",
      doi            = "10.1103/PhysRevC.80.054610",
      year           = "2009",
      SLACcitation   = "%%CITATION = ARXIV:0911.1377;%%",
}

@ARTICLE{Pudliner1997,
  author = {B. S. Pudliner and others},
      title          = "{Quantum Monte Carlo calculations of nuclei with A <=
                        7}",
      journal        = "Phys.Rev.",
      volume         = "C56",
      pages          = "1720-1750",
      doi            = "10.1103/PhysRevC.56.1720",
      year           = "1997",
      reportNumber   = "ANL-PHY-8693-TH-97",
      SLACcitation   = "%%CITATION = NUCL-TH/9705009;%%"
}

@ARTICLE{Wiringa1995,
      author         = "Wiringa, Robert B. and Stoks, V.G.J. and Schiavilla, R.",
      title          = "{An Accurate nucleon-nucleon potential with charge
                        independence breaking}",
      journal        = "Phys.Rev.",
      volume         = "C51",
      pages          = "38-51",
      doi            = "10.1103/PhysRevC.51.38",
      year           = "1995",
      reportNumber   = "PHY-7742-TH-94, CEBAF-TH-94-19",
      SLACcitation   = "%%CITATION = NUCL-TH/9408016;%%",
}

@ARTICLE{nikhef,
      author         = "van Sambeek, M.J.M. and  others",
      title          = "{A recoil detector for the internal target facility of
                        AmPS (NIKHEF)}",
      journal        = "Nucl.Instrum.Meth.",
      volume         = "A409",
      pages          = "443-446",
      doi            = "10.1016/S0168-9002(98)00122-3",
      year           = "1998",
      SLACcitation   = "%%CITATION = NUIMA,A409,443;%%"
}

@Article{Sargsian:2005rm,
     author    = "Sargsian, Misak and Strikman, Mark",
     title     = "{Model independent method for determination of the DIS
                  structure of free  neutron}",
     journal   = "Phys. Lett.",
     volume    = "B639",
     year      = "2006",
     pages     = "223-231",
     doi       = "10.1016/j.physletb.2006.05.091",
     SLACcitation  = "%%CITATION = HEP-PH/0511054;%%"
}


@ARTICLE{Seely2009,
  author = {Seely, J. and others},
  title = {{New measurements of the EMC effect in very light nuclei}},
  journal = {Phys. Rev. Lett.},
  year = {2009},
  volume = {103},
  pages = {202301},
  doi = {10.1103/PhysRevLett.103.202301},
  slaccitation = {%%CITATION = 0904.4448;%%},
}

@article{Stoks:1994wp,
      author         = "Stoks, V.G.J. and Klomp, R.A.M. and Terheggen, C.P.F. and
                        de Swart, J.J.",
      title          = "{Construction of high quality N N potential models}",
      journal        = "Phys.Rev.",
      volume         = "C49",
      pages          = "2950-2962",
      doi            = "10.1103/PhysRevC.49.2950",
      year           = "1994",
      reportNumber   = "THEF-NYM-93-05",
      SLACcitation   = "%%CITATION = NUCL-TH/9406039;%%",
}

@ARTICLE{HPS,
      author         = "Battaglieri, M. and others",
      title          = "{The Heavy Photon Search test detector}",
      journal        = "Nucl.Instrum.Meth.",
      volume         = "A777",
      pages          = "91-101",
      doi            = "10.1016/j.nima.2014.12.017",
      year           = "2015",
      SLACcitation   = "%%CITATION = NUIMA,A777,91;%%"
}

@ARTICLE{Magboltz,
      author         = "Biagi, S.F.",
      title          = "{Monte Carlo simulation of electron drift and diffusion in counting gases under the influence of electric and magnetic fields}",
      journal        = "Nucl.Instrum.Meth.",
      volume         = "A421",
      pages          = "234-240",
      doi            = "10.1016/S0168-9002(98)01233-9",
      year           = "1999",
      SLACcitation   = "%%CITATION = NUIMA,A421,234;%%"
}

@ARTICLE{CPLEAR,
      author         = "M. Dejardin, J. Derre, J.L. Faure, C. Guyot, G. Marel",
      title          = "{Characteristics of the CPLEAR drift chambers}",
      journal        = "Nucl.Instrum.Meth.",
      volume         = "A283",
      pages          = "484-486",
      doi            = "10.1016/0168-9002(89)91404-6",
      year           = "1989",
      SLACcitation   = "%%CITATION = NUIMA,A283,484;%%"
}

@ARTICLE{ATLASChamber,
      author         = "Etzion, E. and others",
      title          = "{The Certification of ATLAS Thin Gap Chambers Produced in Israel and China}",
      year           = "2004",
      eprint         = "0411136",
      archivePrefix  = "arXiv",
      primaryClass   = "hep-ph",
      SLACcitation   = "%%CITATION = ARXIV:0411136;%%",
}

@MISC{AliceMuonArmChamber,
  url = {https://edms.cern.ch/file/106760/1.0/INT-98-28.ps}
}

@ARTICLE{BelleIItdr,
      author         = "Abe, T. and others",
      title          = "{Belle II Technical Design Report}",
      year           = "2010",
      eprint         = "1011.0352",
      archivePrefix  = "arXiv",
      primaryClass   = "hep-ex",
      SLACcitation   = "%%CITATION = ARXIV:1011.0352;%%",
}

@MISC{SVT,
  url = {http://clasweb.jlab.org/instrumentation/SVT/SVT\_CLAS\_Notes/}
}

@MISC{Wiringa,
  author = {R. B. Wiringa},
  slaccitation = {, Private communication}
}

@MISC{CD,
  url = {http://clasweb.jlab.org/wili/index.php/CLAS12\_Technical\_Design\_Report}
}

@PHDTHESIS{Sambeek,
    author = {M. van Sambeek},
    title = {{Study of coherent $\pi^0$ electroproduction on $^4$He with recoil detection}},
    school = {Vrije Universiteit},
    year = {1997}
}

@FOOTNOTE{endnote1,key="endnote1",note="During EG6 run, the pressure of the drift gas in RTPC is $\sim \protect \tmspace  -\thinmuskip {.1667em}1$ atm, and the pressure of the target is $\sim \protect \tmspace  -\thinmuskip {.1667em}6.5$ atm. For our new design, the pressure different between the target and the vacuum in the detector chamber will be nearly a factor of 2 smaller, make it possible to use a thinner target wall."}

@Article{Nakamura:2005hk,
     author    = "Nakamura, A. and Saito, T.",
     title     = "{QCD color interactions between two quarks}",
     journal   = "Phys. Lett.",
     volume    = "B621",
     year      = "2005",
     pages     = "171-175",
     eprint    = "hep-lat/0512043",
     archivePrefix = "arXiv",
     doi       = "10.1016/j.physletb.2005.06.053",
     SLACcitation  = "%%CITATION = HEP-LAT/0512043;%%"
}

@article{Boer:2011fh,
      author         = "Boer, Daniel and Diehl, Markus and Milner, Richard and
                        Venugopalan, Raju and Vogelsang, Werner and others",
      title          = "{Gluons and the quark sea at high energies:
                        Distributions, polarization, tomography}",
      year           = "2011",
      eprint         = "1108.1713",
      archivePrefix  = "arXiv",
      primaryClass   = "nucl-th",
}

@Article{Clasie:2007gqa,
     author    = "Clasie, B. and others",
     title     = "{Measurement of Nuclear Transparency for the A(e,e' $\pi^+$)
                  Reaction}",
     journal   = "Phys. Rev. Lett.",
     volume    = "99",
     year      = "2007",
     pages     = "242502",
     doi       = "10.1103/PhysRevLett.99.242502"
}

@article{Akushevich:2001yp,
      author         = "Akushevich, I. and Ilyichev, A. and Shumeiko, N.",
      title          = "{Radiative effects in scattering of polarized leptons by
                        polarized nucleons and light nuclei}",
      year           = "2001",
      eprint         = "hep-ph/0106180",
      archivePrefix  = "arXiv",
      primaryClass   = "hep-ph",
}

@article{Akushevich:1998ft,
      author         = "Akushevich, I. and Bottcher, H. and Ryckbosch, D.",
      title          = "{RADGEN 1.0: Monte Carlo generator for radiative events
                        in DIS on polarized and unpolarized targets}",
      year           = "1998",
      eprint         = "hep-ph/9906408",
      archivePrefix  = "arXiv",
      primaryClass   = "hep-ph",
}

@article{Akushevich:2007jc,
      author         = "Akushevich, I. and Ilyichev, A. and Osipenko, M.",
      title          = "{Complete lowest order radiative corrections to five-fold
                        differential cross-section of hadron leptoproduction}",
      journal        = "Phys.Lett.",
      volume         = "B672",
      pages          = "35-44",
      doi            = "10.1016/j.physletb.2008.12.058",
      year           = "2009",
      eprint         = "0711.4789",
      archivePrefix  = "arXiv",
      primaryClass   = "hep-ph",
}

@Article{Andreopoulos:2009rq,
   author = "Andreopoulos, C. and others",
   title = "{The GENIE Neutrino Monte Carlo Generator}",
   journal = "Nucl. Instrum. Meth.",
   volume = "A614",
   year = "2010",
   pages = "87-104",
   eprint = "0905.2517",
   archivePrefix = "arXiv",
   primaryClass = "hep-ph",
   doi = "10.1016/j.nima.2009.12.009",
   SLACcitation = "%%CITATION = 0905.2517;%%"
}

@article{Roberts:1997vs,
      author         = "Roberts, Craig D.",
      title          = "{Nonperturbative effects in QCD at finite temperature and
                        density}",
      journal        = "Phys.Part.Nucl.",
      volume         = "30",
      pages          = "223-257",
      doi            = "10.1134/1.953105, 10.1134/1.953105",
      year           = "1999",
      eprint         = "nucl-th/9806088",
      archivePrefix  = "arXiv",
      primaryClass   = "nucl-th",
}

@article{Accardi:2009md,
      author         = "Accardi, A. and Hobbs, T. and Melnitchouk, W.",
      title          = "{Hadron mass corrections in semi-inclusive deep inelastic
                        scattering}",
      journal        = "JHEP",
      volume         = "0911",
      pages          = "084",
      doi            = "10.1088/1126-6708/2009/11/084",
      year           = "2009",
      eprint         = "0907.2395",
      archivePrefix  = "arXiv",
      primaryClass   = "hep-ph",
}

@article{Aznauryan:2011ub,
      author         = "Aznauryan, I. and Burkert, V.D. and Lee, T.-S.H. and
                        Mokeev, V.",
      title          = "{Results from the N* program at JLab}",
      year           = "2011",
      eprint         = "1102.0597",
      archivePrefix  = "arXiv",
      primaryClass   = "nucl-ex",
}

@article{Accardi:lumeic,
      author         = "Accardi, A.",
      title          = "{EIC Luminosity}",
      journal        = "https://eic.jlab.org/wiki/index.php /EIC$\_$luminosity",
      year           = "2010",
}

@article{Thomas:2009aa,
      author         = "Thomas, A. W.",
      title          = "{An Electron-Ion Collider at Jefferson lab}",
      volume         = "arXiv:0907.4785",
      year           = "2009",
}

@article{Otboev:2004vv,
      author         = "Otboev, A.V. and Shatunov, Y.M. and Ahrens, L. and Bai,
                        M. and Beebe-Wang, J. and others",
      title          = "{eRHIC, Future Electron-ion Collider at BNL}",
      journal        = "AIP Conf.Proc.",
      volume         = "842",
      pages          = "1046-1048",
      doi            = "10.1063/1.2220449",
      year           = "2006",
}

@article{Aidala:2007aa,
      author         = "Aidala, C. and others",
      title          = "{A High Luminosity, High Energy Electron-Ion-Collider}",
      collaboration  = "The EIC Working Group",
      journal        = "White Paper Prepared for the NSAC LRP 2007",
      year           = "2007",
}

@article{ElFassi:2011,
      author         = "El~Fassi, L. and others",
      title          = "{Evidence for the Onset of Color Transparency in $\rho^0$ Electroproduction off Nuclei}",
      collaboration  = "CLAS Collaboration",
      journal        = "To be published",
      year           = "2012",
}

@article{ElFassi:2008,
      author         = "El~Fassi, L. and others",
      title          = "{Search for the Onset of Color Transparency via 
                         $\rho^0$ Electroproduction off Nuclei}",
      collaboration  = "CLAS Collaboration",
      journal        = "Internal Analysis Note",
      year           = "2008",
}

@article{Mecking:2003zu,
      author         = "Mecking, B.A. and others",
      title          = "{The CEBAF Large Acceptance Spectrometer (CLAS)}",
      collaboration  = "CLAS Collaboration",
      journal        = "Nucl.Instrum.Meth.",
      volume         = "A503",
      pages          = "513-553",
      doi            = "10.1016/S0168-9002(03)01001-5",
      year           = "2003",
}

@article{Mestayer:2000we,
      author         = "Mestayer, M.D. and Carman, D.S. and Asavapibhop, B. and
                        Barbosa, F.J. and Bonneau, P. and others",
      title          = "{The CLAS drift chamber system}",
      journal        = "Nucl.Instrum.Meth.",
      volume         = "A449",
      pages          = "81-111",
      doi            = "10.1016/S0168-9002(00)00151-0",
      year           = "2000",
}

@article{Adams:2001kk,
      author         = "Adams, G. and Burkert, V. and Carl, R. and Carstens, T.
                        and Frolov, V. and others",
      title          = "{The CLAS Cherenkov detector}",
      journal        = "Nucl.Instrum.Meth.",
      volume         = "A465",
      pages          = "414-427",
      doi            = "10.1016/S0168-9002(00)01313-9",
      year           = "2001",
}

@article{Smith:1999ii,
      author         = "Smith, E.S. and Carstens, T. and Distelbrink, J. and
                        Eckhause, M. and Egiian, H. and others",
      title          = "{The time-of-flight system for CLAS}",
      journal        = "Nucl.Instrum.Meth.",
      volume         = "A432",
      pages          = "265-298",
      doi            = "10.1016/S0168-9002(99)00484-2",
      year           = "1999",
}

@article{Hafidi:2006aa,
      author         = "Hafidi, K. and others",
      title          = "{Quark Propagation and Hadron Formation}",
      journal        = "A proposal to PAC 30",
      year           = "2006",
}

@article{Brooks:2002aa,
      author         = "Brooks, W. and others",
      title          = "{Quark Propagation Through Cold QCD Matter}",
      journal        = "A proposal to PAC 22",
      year           = "2002",
}

@article{Hafidi:2002aa,
      author         = "Hafidi, K. and others",
      title          = "{$Q^2$ Dependence of Nuclear Transparency for Incoherent $\rho^0$ Electroproduction}",
      journal        = "A proposal to PAC 22",
      year           = "2002",
}
@article{Hafidi:2006ab,
      author         = "Hafidi, K. and others",
      title          = "{Study of Color Transparency in Exclusive Vector Meson Electroproduction off Nuclei}",
      journal        = "A proposal to PAC 30",
      year           = "2006",
}


@article{Brooks:2010aa,
      author         = "Brooks, W. K. and others",
      title          = "{Quark Propagation and Hadron Formation}",
      journal        = "10 pages update to PAC 36",
      year           = "2010",
}

@article{Hakobyan:2008zz,
      author         = "Hakobyan, H. and Brooks, W.K. and Bruhwel, K. and
                        Burkert, V.D. and Carstens, T. and others",
      title          = "{A double-target system for precision measurements of
                        nuclear medium effects}",
      journal        = "Nucl.Instrum.Meth.",
      volume         = "A592",
      pages          = "218-223",
      doi            = "10.1016/j.nima.2008.04.055",
      year           = "2008",
}

@article{Brooks:2009xg,
      author         = "Brooks, W.K. and Hakobyan, H.",
      title          = "{Experimental Studies of Hadronization and Parton
                        Propagation in the Space-Time Domain}",
      journal        = "Nucl.Phys.",
      volume         = "A830",
      pages          = "361C-368C",
      doi            = "10.1016/j.nuclphysa.2009.10.031",
      year           = "2009",
      eprint         = "0907.4606",
      archivePrefix  = "arXiv",
      primaryClass   = "hep-ex",
}

@article{Hicks:2009wf,
      author         = "Hicks, K. and Daniel, A.",
      title          = "{K(s)0 Hadronization Following DIS at CLAS}",
      collaboration  = "CLAS Collaboration",
      year           = "2009",
      eprint         = "0907.5362",
      archivePrefix  = "arXiv",
      primaryClass   = "nucl-ex",
}

@article{PAC30,
      author         = "Schoch, B. and others",
      title          = "{PAC 30 Recommendations}",
      year           = "2006",
}

@article{Strikman:2007nv,
      author         = "Strikman, Mark",
      title          = "{Color transparency: 33 years and still running}",
      year           = "2007",
      eprint         = "0711.1625",
      archivePrefix  = "arXiv",
      primaryClass   = "hep-ph",
}

@article{Brodsky:1988xz,
      author         = "Brodsky, Stanley J. and Mueller, Alfred H.",
      title          = "{Using Nuclei to Probe Hadronization in QCD}",
      journal        = "Phys.Lett.",
      volume         = "B206",
      pages          = "685",
      doi            = "10.1016/0370-2693(88)90719-8",
      year           = "1988",
}

@article{Bleve:2000hc,
      author         = "Bleve, C. and Co, G. and De Mitri, I. and Bernardini, P.
                        and Mancarella, G. and others",
      title          = "{Effects of nuclear reinteractions in quasielastic
                        neutrino nucleus scattering}",
      journal        = "Astropart.Phys.",
      volume         = "16",
      pages          = "145-155",
      doi            = "10.1016/S0927-6505(01)00106-2",
      year           = "2001",
      eprint         = "nucl-th/0012015",
      archivePrefix  = "arXiv",
      primaryClass   = "nucl-th",
}

@article{Amarian:2001zs,
      author         = "Amarian, M. and Asrian, G. and Beard, K. and Brooks, W.
                        and Burkert, V. and others",
      title          = "{The CLAS forward electromagnetic calorimeter}",
      journal        = "Nucl.Instrum.Meth.",
      volume         = "A460",
      pages          = "239-265",
      doi            = "10.1016/S0168-9002(00)00996-7",
      year           = "2001",
}

@article{deFlorian:2007hc,
      author         = "de Florian, Daniel and Sassot, Rodolfo and Stratmann,
                        Marco",
      title          = "{Global analysis of fragmentation functions for protons
                        and charged hadrons}",
      journal        = "Phys.Rev.",
      volume         = "D76",
      pages          = "074033",
      doi            = "10.1103/PhysRevD.76.074033",
      year           = "2007",
      eprint         = "0707.1506",
      archivePrefix  = "arXiv",
      primaryClass   = "hep-ph",
}

@article{deFlorian:2007aj,
      author         = "de Florian, Daniel and Sassot, Rodolfo and Stratmann,
                        Marco",
      title          = "{Global analysis of fragmentation functions for pions and
                        kaons and their uncertainties}",
      journal        = "Phys.Rev.",
      volume         = "D75",
      pages          = "114010",
      doi            = "10.1103/PhysRevD.75.114010",
      year           = "2007",
      eprint         = "hep-ph/0703242",
      archivePrefix  = "arXiv",
      primaryClass   = "HEP-PH",
}

@article{Cahn:1978se,
      author         = "Cahn, Robert N.",
      title          = "{Azimuthal Dependence in Leptoproduction: A Simple Parton
                        Model Calculation}",
      journal        = "Phys.Lett.",
      volume         = "B78",
      pages          = "269",
      doi            = "10.1016/0370-2693(78)90020-5",
      year           = "1978",
}

@article{Konig:1982uk,
      author         = "Konig, A. and Kroll, P.",
      title          = "{A realistic calculation of the azimuthal asymmetry in
                        semiinclusive deep inelastic scattering}",
      journal        = "Z.Phys.",
      volume         = "C16",
      pages          = "89",
      doi            = "10.1007/BF01573752",
      year           = "1982",
}

@misc{Accardi:WN,
      author         = "A. Accardi",
      title          = "{Quenching weights in DIS}", 
      howpublished   = "Working note, not published",
      year           = "2007",
}

@misc{Accardi:PC,
      author         = "A. Accardi",
      howpublished   = "Private communication",
      year           = "2009"
}

@misc{Gallmeister:INT,
      author         = "K.~Gallmeister",
      title          = "{eA collisions within GiBUU}", 
      howpublished   = "Talk at INT-10-3 workshop",
      year           = "2010",
}

@misc{Garfield,
      author         = "Garfield",
      title          = "http://garfield.web.cern.ch/garfield/", 
      year           = "1984-2010",
}

@misc{Manly:talk,
      author         = "S.~Manly",
      title          = "{Recent electron scattering results from 
                         Jefferson Laboratory}", 
      howpublished   = "NUFACT 2006 presentation",
      year           = "2006",
}

@article{Lafferty:1995jt,
      author         = "Lafferty, G.D. and Reeves, P.I. and Whalley, M.R.",
      title          = "{A Compilation of inclusive particle production data in
                        e+ e- annihilation}",
      journal        = "J.Phys.G",
      volume         = "G21",
      pages          = "A1-A151",
      doi            = "10.1088/0954-3899/21/12A/001",
      year           = "1995",
}

@article{Ito:2009zc,
      author         = "Ito, T. and Bentz, W. and Cloet, I.C. and Thomas, A.W.
                        and Yazaki, K.",
      title          = "{The NJL-jet model for quark fragmentation functions}",
      journal        = "Phys.Rev.",
      volume         = "D80",
      pages          = "074008",
      doi            = "10.1103/PhysRevD.80.074008",
      year           = "2009",
      eprint         = "0906.5362",
      archivePrefix  = "arXiv",
      primaryClass   = "nucl-th",
}


@Article{Hirai:2007cx,
     author    = "Hirai, M. and Kumano, S. and Nagai, T. -H. and Sudoh, K.",
     title     = "{Determination of fragmentation functions and their
                  uncertainties}",
     journal   = "Phys. Rev.",
     volume    = "D75",
     year      = "2007",
     pages     = "094009",
     eprint    = "hep-ph/0702250",
     archivePrefix = "arXiv",
     doi       = "10.1103/PhysRevD.75.094009",
     SLACcitation  = "%%CITATION = HEP-PH/0702250;%%"
}


@Article{Albino:2008fy,
     author    = "Albino, S. and Kniehl, B. A. and Kramer, G.",
     title     = "{AKK Update: Improvements from New Theoretical Input and
                  Experimental Data}",
     journal   = "Nucl. Phys.",
     volume    = "B803",
     year      = "2008",
     pages     = "42-104",
     eprint    = "0803.2768",
     archivePrefix = "arXiv",
     primaryClass  =  "hep-ph",
     doi       = "10.1016/j.nuclphysb.2008.05.017",
     SLACcitation  = "%%CITATION = 0803.2768;%%"
}

@article{Dokshitzer:1977sg,
      author         = "Dokshitzer, Yuri L.",
      title          = "{Calculation of the Structure Functions for Deep
                        Inelastic Scattering and e+ e- Annihilation by
                        Perturbation Theory in Quantum Chromodynamics.}",
      journal        = "Sov.Phys.JETP",
      volume         = "46",
      pages          = "641-653",
      year           = "1977",
}

@article{Dokshitzer:1991wu,
      author         = "Dokshitzer, Yuri L. and Khoze, Valery A. and Mueller,
                        Alfred H. and Troian, S.I.",
      title          = "{Basics of perturbative QCD}",
      year           = "1991",
}

@article{Altarelli:1977zs,
      author         = "Altarelli, Guido and Parisi, G.",
      title          = "{Asymptotic Freedom in Parton Language}",
      journal        = "Nucl.Phys.",
      volume         = "B126",
      pages          = "298",
      doi            = "10.1016/0550-3213(77)90384-4",
      year           = "1977",
}

@article{Gribov:1972ri,
      author         = "Gribov, V.N. and Lipatov, L.N.",
      title          = "{Deep inelastic e-p scattering in perturbation theory}",
      journal        = "Sov.J.Nucl.Phys.",
      volume         = "15",
      pages          = "438-450",
      year           = "1972",
}

@article{Geesaman:1995yd,
      author         = "Geesaman, Donald F. and Saito, K. and Thomas, Anthony
                        William",
      title          = "{The nuclear EMC effect}",
      journal        = "Ann.Rev.Nucl.Part.Sci.",
      volume         = "45",
      pages          = "337-390",
      doi            = "10.1146/annurev.ns.45.120195.002005",
      year           = "1995",
}

@article{Brock:1993sz,
      author         = "Brock, Raymond and others",
      title          = "{Handbook of perturbative QCD: Version 1.0}",
      collaboration  = "CTEQ Collaboration",
      journal        = "Rev.Mod.Phys.",
      volume         = "67",
      pages          = "157-248",
      doi            = "10.1103/RevModPhys.67.157",
      year           = "1995",
}


@Article{Accardi:2009qv,
     author    = "Accardi, Alberto and Arleo, Francois and Brooks, William K.
                  and D'Enterria, David and Muccifora, Valeria",
     title     = "{Parton Propagation and Fragmentation in QCD Matter}",
     journal   = "Riv. Nuovo Cim.",
     volume    = "32",
     year      = "2010",
     pages     = "439-553",
     eprint    = "0907.3534",
     archivePrefix = "arXiv",
     primaryClass  =  "nucl-th",
     doi       = "10.1393/ncr/i2009-10048-0",
     SLACcitation  = "%%CITATION = 0907.3534;%%"
}


@Article{Gallmeister:2005ad,
     author    = "Gallmeister, K. and Falter, T.",
     title     = "{Space-time picture of fragmentation in PYTHIA / JETSET for
                  HERMES and  RHIC}",
     journal   = "Phys. Lett.",
     volume    = "B630",
     year      = "2005",
     pages     = "40-48",
     eprint    = "nucl-th/0502015",
     archivePrefix = "arXiv",
     doi       = "10.1016/j.physletb.2005.08.135",
     SLACcitation  = "%%CITATION = NUCL-TH/0502015;%%"
}


@Article{Gyulassy:2003mc,
     author    = "Gyulassy, Miklos and Vitev, Ivan and Wang, Xin-Nian and
                  Zhang, Ben-Wei",
     title     = "{Jet quenching and radiative energy loss in dense nuclear
                  matter}",
     year      = "2003",
     eprint    = "nucl-th/0302077",
     archivePrefix = "arXiv",
     SLACcitation  = "%%CITATION = NUCL-TH/0302077;%%"
}


@Article{Accardi:2004gp,
     author    = "Accardi, Alberto and others",
     title     = "{Hard probes in heavy ion collisions at the LHC: Jet
                  physics}",
     year      = "2004",
     eprint    = "hep-ph/0310274",
     archivePrefix = "arXiv",
     SLACcitation  = "%%CITATION = HEP-PH/0310274;%%"
}


@Article{Majumder:2010qh,
     author    = "Majumder, A. and Van Leeuwen, M.",
     title     = "{The theory and phenomenology of perturbative QCD based jet
                  quenching}",
     year      = "2010",
     eprint    = "1002.2206",
     archivePrefix = "arXiv",
     primaryClass  =  "hep-ph",
     SLACcitation  = "%%CITATION = 1002.2206;%%"
}


@Article{Kopeliovich:2010uz,
     author    = "Kopeliovich, B. Z. and Nemchik, J.",
     title     = "{High-pT paradigms revisited}",
     journal   = "PoS",
     volume    = "CERP2010",
     year      = "2010",
     pages     = "025",
     eprint    = "1009.1162",
     archivePrefix = "arXiv",
     primaryClass  =  "hep-ph",
     SLACcitation  = "%%CITATION = 1009.1162;%%"
}

@Article{:2008afa,
     author    = "Albino, S. and others",
     title     = "{Parton fragmentation in the vacuum and in the medium}",
     year      = "2008",
     eprint    = "0804.2021",
     archivePrefix = "arXiv",
     primaryClass  =  "hep-ph",
     SLACcitation  = "%%CITATION = 0804.2021;%%"
}


@article{Adil:2006ra,
      author         = "Adil, Azfar and Vitev, Ivan",
      title          = "{Collisional dissociation of heavy mesons in dense QCD
                        matter}",
      journal        = "Phys.Lett.",
      volume         = "B649",
      pages          = "139-146",
      doi            = "10.1016/j.physletb.2007.03.050",
      year           = "2007",
      eprint         = "hep-ph/0611109",
      archivePrefix  = "arXiv",
      primaryClass   = "hep-ph",
}

@article{Nakamura:2010zzi,
      author         = "Nakamura, K. and others",
      title          = "{Review of particle physics}",
      collaboration  = "Particle Data Group",
      journal        = "J.Phys.G",
      volume         = "G37",
      pages          = "075021",
      doi            = "10.1088/0954-3899/37/7A/075021",
      year           = "2010",
}

@article{Teis:1996kx,
      author         = "Teis, S. and Cassing, W. and Effenberger, M. and Hombach,
                        A. and Mosel, U. and others",
      title          = "{Pion production in heavy ion collisions at SIS
                        energies}",
      journal        = "Z.Phys.",
      volume         = "A356",
      pages          = "421-435",
      doi            = "10.1007/s002180050198",
      year           = "1997",
      eprint         = "nucl-th/9609009",
      archivePrefix  = "arXiv",
      primaryClass   = "nucl-th",
}

@article{Liebing:2004us,
      author         = "Liebing, P.",
      title          = "{Can the gluon polarization in the nucleon be extracted
                        from HERMES data on single high-p(T) hadrons?}",
      year           = "2004",
}


@article{Andersson:1983ia,
      author         = "Andersson, Bo and Gustafson, G. and Ingelman, G. and
                        Sjostrand, T.",
      title          = "{Parton Fragmentation and String Dynamics}",
      journal        = "Phys.Rept.",
      volume         = "97",
      pages          = "31-145",
      doi            = "10.1016/0370-1573(83)90080-7",
      year           = "1983",
}

Physics and Manual > BibTeX

@article{Sjostrand:2006za,
      author         = "Sjostrand, Torbjorn and Mrenna, Stephen and Skands, Peter
                        Z.",
      title          = "{PYTHIA 6.4 Physics and Manual}",
      journal        = "JHEP",
      volume         = "0605",
      pages          = "026",
      doi            = "10.1088/1126-6708/2006/05/026",
      year           = "2006",
      eprint         = "hep-ph/0603175",
      archivePrefix  = "arXiv",
      primaryClass   = "hep-ph",
}



@article{Sjostrand:1984ic,
      author         = "Sjostrand, Torbjorn",
      title          = "{Jet fragmentation of multiparton configurations 
                         a string framework}",
      journal        = "Nucl.Phys.",
      volume         = "B248",
      pages          = "469",
      doi            = "10.1016/0550-3213(84)90607-2",
      year           = "1984",
}


@Article{collaboration:2011vk,
     author    = "collaboration, Duncan Prindle for the STAR",
     title     = "{Heavy Flavor and Jets at RHIC}",
     year      = "2011",
     eprint    = "1103.6053",
     archivePrefix = "arXiv",
     primaryClass  =  "nucl-ex",
     SLACcitation  = "%%CITATION = 1103.6053;%%"
}


@Article{Yang:2009zx,
     author    = "Yang, T. and Andreopoulos, C. and Gallagher, H. and
                  Hoffmann, K. and Kehayias, P.",
     title     = "{A Hadronization Model for Few-GeV Neutrino Interactions}",
     journal   = "Eur. Phys. J.",
     volume    = "C63",
     year      = "2009",
     pages     = "1-10",
     eprint    = "0904.4043",
     archivePrefix = "arXiv",
     primaryClass  =  "hep-ph",
     doi       = "10.1140/epjc/s10052-009-1094-z",
     SLACcitation  = "%%CITATION = 0904.4043;%%"
}


@Article{Grigoryan:2010mn,
     author    = "Grigoryan, L.",
     title     = "{Average formation length in string model}",
     journal   = "Phys. Rev.",
     volume    = "C81",
     year      = "2010",
     pages     = "045207",
     eprint    = "1002.1026",
     archivePrefix = "arXiv",
     primaryClass  =  "hep-ph",
     doi       = "10.1103/PhysRevC.81.045207",
     SLACcitation  = "%%CITATION = 1002.1026;%%"
}


@article{Kopeliovich:2003py,
      author         = "Kopeliovich, B.Z. and Nemchik, J. and Predazzi, E. and
                        Hayashigaki, A.",
      title          = "{Nuclear hadronization: Within or without?}",
      journal        = "Nucl.Phys.",
      volume         = "A740",
      pages          = "211-245",
      doi            = "10.1016/j.nuclphysa.2004.04.110",
      year           = "2004",
      eprint         = "hep-ph/0311220",
      archivePrefix  = "arXiv",
      primaryClass   = "hep-ph",
}

@article{Kopeliovich:2006xy,
      author         = "Kopeliovich, B.Z. and Nemchik, J. and Schmidt, Ivan",
      title          = "{Time Evolution of Jets and Perturbative Color
                        Neutralization}",
      journal        = "Nucl.Phys.",
      volume         = "A782",
      pages          = "224-233",
      doi            = "10.1016/j.nuclphysa.2006.10.059",
      year           = "2007",
      eprint         = "hep-ph/0608044",
      archivePrefix  = "arXiv",
      primaryClass   = "hep-ph",
}


@Article{Kopeliovich:2008uy,
     author    = "Kopeliovich, B. Z. and others",
     title     = "{Quantum-mechanical description of in-medium
                  fragmentation}",
     journal   = "Phys. Rev.",
     volume    = "C78",
     year      = "2008",
     pages     = "055204",
     eprint    = "0809.4613",
     archivePrefix = "arXiv",
     primaryClass  =  "hep-ph",
     doi       = "10.1103/PhysRevC.78.055204",
     SLACcitation  = "%%CITATION = 0809.4613;%%"
}


@article{Accardi:2004ut,
      author         = "Accardi, Alberto and Gyulassy, Miklos",
      title          = "{Cronin effect and geometrical shadowing in d + Au
                        collisions: pQCD versus CGC}",
      journal        = "J.Phys.G",
      volume         = "G30",
      pages          = "S969-S974",
      doi            = "10.1088/0954-3899/30/8/040",
      year           = "2004",
      eprint         = "nucl-th/0402101",
      archivePrefix  = "arXiv",
      primaryClass   = "nucl-th",
}


@Article{Accardi:2008fz,
     author    = "Accardi, Alberto",
     title     = "{An estimate of the prehadron production time}",
     year      = "2008",
     eprint    = "0808.0656",
     archivePrefix = "arXiv",
     primaryClass  =  "nucl-th",
     SLACcitation  = "%%CITATION = 0808.0656;%%"
}

@article{Arleo:2003yf,
      author         = "Arleo, Francois",
      title          = "{Parton energy loss or nuclear absorption: What quenches
                        hadron spectra at HERA?}",
      pages          = "558-563",
      year           = "2003",
      eprint         = "hep-ph/0309108",
      archivePrefix  = "arXiv",
      primaryClass   = "hep-ph",
      reportNumber   = "ECT*-03-26",
      SLACcitation   = "%%CITATION = HEP-PH/0309108;%%",
}


@Article{Arleo:2003jz,
     author    = "Arleo, Francois",
     title     = "{Quenching of hadron spectra in DIS on nuclear targets}",
     journal   = "Eur. Phys. J.",
     volume    = "C30",
     year      = "2003",
     pages     = "213-221",
     eprint    = "hep-ph/0306235",
     archivePrefix = "arXiv",
     doi       = "10.1140/epjc/s2003-01289-x",
     SLACcitation  = "%%CITATION = HEP-PH/0306235;%%"
}


@Article{Arleo:2002kh,
     author    = "Arleo, Francois",
     title     = "{Tomography of cold and hot QCD matter: Tools and
                  diagnosis. ((V))}",
     journal   = "JHEP",
     volume    = "11",
     year      = "2002",
     pages     = "044",
     eprint    = "hep-ph/0210104",
     archivePrefix = "arXiv",
     SLACcitation  = "%%CITATION = HEP-PH/0210104;%%"
}


@Article{Baier:1996sk,
     author    = "Baier, R. and Dokshitzer, Yuri L. and Mueller, Alfred H.
                  and Peigne, S. and Schiff, D.",
     title     = "{Radiative energy loss and p(T)-broadening of high energy
                  partons in nuclei}",
     journal   = "Nucl. Phys.",
     volume    = "B484",
     year      = "1997",
     pages     = "265-282",
     eprint    = "hep-ph/9608322",
     archivePrefix = "arXiv",
     doi       = "10.1016/S0550-3213(96)00581-0",
     SLACcitation  = "%%CITATION = HEP-PH/9608322;%%"
}

@article{Baier:1998kq,
      author         = "Baier, R. and Dokshitzer, Yuri L. and Mueller, Alfred H.
                        and Schiff, D.",
      title          = "{Medium induced radiative energy loss: Equivalence
                        between the BDMPS and Zakharov formalisms}",
      journal        = "Nucl.Phys.",
      volume         = "B531",
      pages          = "403-425",
      doi            = "10.1016/S0550-3213(98)00546-X",
      year           = "1998",
      eprint         = "hep-ph/9804212",
      archivePrefix  = "arXiv",
      primaryClass   = "hep-ph",
}

@article{Baier:2001yt,
      author         = "Baier, R. and Dokshitzer, Yuri L. and Mueller, Alfred H.
                        and Schiff, D.",
      title          = "{Quenching of hadron spectra in media}",
      journal        = "JHEP",
      volume         = "0109",
      pages          = "033",
      year           = "2001",
      eprint         = "hep-ph/0106347",
      archivePrefix  = "arXiv",
      primaryClass   = "hep-ph",
}


@article{DelDuca:1992ru,
      author         = "Del Duca, V. and Brodsky, Stanley J. and Hoyer, Paul",
      title          = "{The Space-time structure of deep inelastic lepton -
                        hadron scattering}",
      journal        = "Phys.Rev.",
      volume         = "D46",
      pages          = "931-943",
      doi            = "10.1103/PhysRevD.46.931",
      year           = "1992",
}


@article{Brodsky:1992nq,
      author         = "Brodsky, Stanley J. and Hoyer, Paul",
      title          = "{A Bound on the energy loss of partons in nuclei}",
      journal        = "Phys.Lett.",
      volume         = "B298",
      pages          = "165-170",
      doi            = "10.1016/0370-2693(93)91724-2",
      year           = "1993",
      eprint         = "hep-ph/9210262",
      archivePrefix  = "arXiv",
      primaryClass   = "hep-ph",
}


@article{Horowitz:2007su,
      author         = "Horowitz, W.A. and Gyulassy, M.",
      title          = "{Heavy quark jet tomography of Pb + Pb at LHC: AdS/CFT
                        drag or pQCD energy loss?}",
      journal        = "Phys.Lett.",
      volume         = "B666",
      pages          = "320-323",
      doi            = "10.1016/j.physletb.2008.04.065",
      year           = "2008",
      eprint         = "0706.2336",
      archivePrefix  = "arXiv",
      primaryClass   = "nucl-th",
}


@article{Horowitz:2008ig,
      author         = "Horowitz, W.A. and Gyulassy, M.",
      title          = "{Testing AdS/CFT Drag and pQCD Heavy Quark Energy Loss}",
      journal        = "J.Phys.G",
      volume         = "G35",
      pages          = "104152",
      doi            = "10.1088/0954-3899/35/10/104152",
      year           = "2008",
      eprint         = "0804.4330",
      archivePrefix  = "arXiv",
      primaryClass   = "hep-ph",
}


@article{Horowitz:2010yi,
      author         = "Horowitz, W.A.",
      title          = "{Qualitative and Quantitative Energy Loss?}",
      journal        = "Nucl.Phys.",
      volume         = "A855",
      pages          = "225-228",
      doi            = "10.1016/j.nuclphysa.2011.02.045",
      year           = "2011",
      eprint         = "1011.5965",
      archivePrefix  = "arXiv",
      primaryClass   = "hep-ph",
}

@article{Kopeliovich:1990sh,
      author         = "Kopeliovich, B.Z.",
      title          = "{ARE HIGH-ENERGY QUARKS ABSORBED IN NUCLEAR MATTER?}",
      journal        = "Phys.Lett.",
      volume         = "B243",
      pages          = "141-143",
      doi            = "10.1016/0370-2693(90)90970-H",
      year           = "1990",
}


@article{Domdey:2008aq,
      author         = "Domdey, S. and Grunewald, D. and Kopeliovich, B.Z. and
                        Pirner, H.J.",
      title          = "{Transverse Momentum Broadening in Semi-inclusive DIS on
                        Nuclei}",
      journal        = "Nucl.Phys.",
      volume         = "A825",
      pages          = "200-211",
      doi            = "10.1016/j.nuclphysa.2009.04.009",
      year           = "2009",
      eprint         = "0812.2838",
      archivePrefix  = "arXiv",
      primaryClass   = "hep-ph",
}


@article{Kopeliovich:2010aia,
      author         = "Kopeliovich, B.Z. and Potashnikova, I.K. and Schmidt,
                        Ivan",
      title          = "{Why heavy and light quarks radiate energy with similar
                        rates}",
      journal        = "Phys.Rev.",
      volume         = "C82",
      pages          = "037901",
      doi            = "10.1103/PhysRevC.82.037901",
      year           = "2010",
      eprint         = "1004.3920",
      archivePrefix  = "arXiv",
      primaryClass   = "hep-ph",
}


@article{Kopeliovich:2010jf,
      author         = "Kopeliovich, B.Z.",
      title          = "{Puzzles of $J/\Psi$ production off nuclei}",
      journal        = "Nucl.Phys.",
      volume         = "A854",
      pages          = "187-197",
      doi            = "10.1016/j.nuclphysa.2010.08.015",
      year           = "2011",
      eprint         = "1007.4513",
      archivePrefix  = "arXiv",
      primaryClass   = "hep-ph",
}


@article{Kopeliovich:2010aa,
      author         = "Kopeliovich, B.Z. and Potashnikova, I.K. and Schmidt,
                        Ivan",
      title          = "{Measuring the saturation scale in nuclei}",
      journal        = "Phys.Rev.",
      volume         = "C81",
      pages          = "035204",
      doi            = "10.1103/PhysRevC.81.035204",
      year           = "2010",
      eprint         = "1001.4281",
      archivePrefix  = "arXiv",
      primaryClass   = "hep-ph",
}


@article{Majumder:2007hx,
      author         = "Majumder, A. and Muller, Berndt",
      title          = "{Higher twist jet broadening and classical propagation}",
      journal        = "Phys.Rev.",
      volume         = "C77",
      pages          = "054903",
      doi            = "10.1103/PhysRevC.77.054903",
      year           = "2008",
      eprint         = "0705.1147",
      archivePrefix  = "arXiv",
      primaryClass   = "nucl-th",
}


@article{Muller:2010pm,
      author         = "Muller, Berndt",
      title          = "{Parton Energy Loss in Strongly Coupled AdS/CFT}",
      journal        = "Nucl.Phys.",
      volume         = "A855",
      pages          = "74-82",
      doi            = "10.1016/j.nuclphysa.2011.02.022",
      year           = "2011",
      eprint         = "1010.4258",
      archivePrefix  = "arXiv",
      primaryClass   = "hep-ph",
}


@article{Pirner:2003bq,
      author         = "Pirner, H.J.",
      title          = "{Particle production and propagation in nuclei}",
      journal        = "Acta Phys.Polon.",
      volume         = "B35",
      pages          = "131-138",
      year           = "2004",
      eprint         = "hep-ph/0311279",
      archivePrefix  = "arXiv",
      primaryClass   = "hep-ph",
}

@article{DeJager:1987qc,
      author         = "De Vries, H. and De Jager, C.W. and De Vries, C.",
      title          = "{Nuclear charge and magnetization density distribution
                        parameters from elastic electron scattering}",
      journal        = "Atom.Data Nucl.Data Tabl.",
      volume         = "36",
      pages          = "495-536",
      year           = "1987",
}

@article{Salgado:2002cd,
      author         = "Salgado, Carlos A. and Wiedemann, Urs Achim",
      title          = "{A Dynamical scaling law for jet tomography}",
      journal        = "Phys.Rev.Lett.",
      volume         = "89",
      pages          = "092303",
      doi            = "10.1103/PhysRevLett.89.092303",
      year           = "2002",
      eprint         = "hep-ph/0204221",
      archivePrefix  = "arXiv",
      primaryClass   = "hep-ph",
}


@article{Salgado:2003gb,
      author         = "Salgado, Carlos A. and Wiedemann, Urs Achim",
      title          = "{Calculating quenching weights}",
      journal        = "Phys.Rev.",
      volume         = "D68",
      pages          = "014008",
      doi            = "10.1103/PhysRevD.68.014008",
      year           = "2003",
      eprint         = "hep-ph/0302184",
      archivePrefix  = "arXiv",
      primaryClass   = "hep-ph",
}

@article{Song:2010zza,
      author         = "Song, Li-Hua and Duan, Chun-Gui",
      title          = "{Quark energy loss in semi-inclusive deep inelastic
                        scattering of leptons on nuclei}",
      journal        = "Phys.Rev.",
      volume         = "C81",
      pages          = "035207",
      doi            = "10.1103/PhysRevC.81.035207",
      year           = "2010",
}


@article{Verweij:2010ec,
      author         = "Verweij, Marta",
      title          = "{Comparison of radiative energy loss models in a hot QCD
                        medium}",
      journal        = "Nucl.Phys.",
      volume         = "A855",
      pages          = "359-362",
      doi            = "10.1016/j.nuclphysa.2011.02.079",
      year           = "2011",
      eprint         = "1012.0728",
      archivePrefix  = "arXiv",
      primaryClass   = "nucl-th",
}


@article{Gyulassy:2002yv,
      author         = "Gyulassy, M. and Levai, P. and Vitev, I.",
      title          = "{Reaction operator approach to multiple elastic
                        scatterings}",
      journal        = "Phys.Rev.",
      volume         = "D66",
      pages          = "014005",
      doi            = "10.1103/PhysRevD.66.014005",
      year           = "2002",
      eprint         = "nucl-th/0201078",
      archivePrefix  = "arXiv",
      primaryClass   = "nucl-th",
}

@article{Gyulassy:2000fs,
      author         = "Gyulassy, M. and Levai, P. and Vitev, I.",
      title          = "{NonAbelian energy loss at finite opacity}",
      journal        = "Phys.Rev.Lett.",
      volume         = "85",
      pages          = "5535-5538",
      doi            = "10.1103/PhysRevLett.85.5535",
      year           = "2000",
      eprint         = "nucl-th/0005032",
      archivePrefix  = "arXiv",
      primaryClass   = "nucl-th",
}


@article{Vitev:2007ve,
      author         = "Vitev, Ivan",
      title          = "{Non-Abelian energy loss in cold nuclear matter}",
      journal        = "Phys.Rev.",
      volume         = "C75",
      pages          = "064906",
      doi            = "10.1103/PhysRevC.75.064906",
      year           = "2007",
      eprint         = "hep-ph/0703002",
      archivePrefix  = "arXiv",
      primaryClass   = "hep-ph",
}


@article{Vitev:2009rd,
      author         = "Vitev, Ivan and Zhang, Ben-Wei",
      title          = "{Jet tomography of high-energy nucleus-nucleus collisions
                        at next-to-leading order}",
      journal        = "Phys.Rev.Lett.",
      volume         = "104",
      pages          = "132001",
      doi            = "10.1103/PhysRevLett.104.132001",
      year           = "2010",
      eprint         = "0910.1090",
      archivePrefix  = "arXiv",
      primaryClass   = "hep-ph",
}


@article{Wang:2002ri,
      author         = "Wang, Enke and Wang, Xin-Nian",
      title          = "{Jet tomography of dense and nuclear matter}",
      journal        = "Phys.Rev.Lett.",
      volume         = "89",
      pages          = "162301",
      doi            = "10.1103/PhysRevLett.89.162301",
      year           = "2002",
      eprint         = "hep-ph/0202105",
      archivePrefix  = "arXiv",
      primaryClass   = "hep-ph",
}



@article{Guo:2006kz,
      author         = "Guo, Yun and Zhang, Ben-Wei and Wang, Enke",
      title          = "{Parton Energy Loss at Twist-Six in Deeply Inelastic e-A
                        Scattering}",
      journal        = "Phys.Lett.",
      volume         = "B641",
      pages          = "38-44",
      doi            = "10.1016/j.physletb.2006.08.034",
      year           = "2006",
      eprint         = "hep-ph/0606312",
      archivePrefix  = "arXiv",
      primaryClass   = "hep-ph",
}


@article{Wang:2009qb,
      author         = "Deng, Wei-Tian and Wang, Xin-Nian",
      title          = "{Multiple Parton Scattering in Nuclei: Modified DGLAP
                        Evolution for Fragmentation Functions}",
      journal        = "Phys.Rev.",
      volume         = "C81",
      pages          = "024902",
      doi            = "10.1103/PhysRevC.81.024902",
      year           = "2010",
      eprint         = "0910.3403",
      archivePrefix  = "arXiv",
      primaryClass   = "hep-ph",
}


@article{Borghini:2005em,
      author         = "Borghini, Nicolas and Wiedemann, Urs Achim",
      title          = "{Distorting the hump-backed plateau of jets with dense
                        QCD matter}",
      year           = "2005",
      eprint         = "hep-ph/0506218",
      archivePrefix  = "arXiv",
      primaryClass   = "hep-ph",
}


@article{Zakharov:1996fv,
      author         = "Zakharov, B.G.",
      title          = "{Fully quantum treatment of the Landau-Pomeranchuk-Migdal
                        effect in QED and QCD}",
      journal        = "JETP Lett.",
      volume         = "63",
      pages          = "952-957",
      doi            = "10.1134/1.567126",
      year           = "1996",
      eprint         = "hep-ph/9607440",
      archivePrefix  = "arXiv",
      primaryClass   = "hep-ph",
}


@article{Zakharov:1997uu,
      author         = "Zakharov, B.G.",
      title          = "{Radiative energy loss of high-energy quarks in finite
                        size nuclear matter and quark - gluon plasma}",
      journal        = "JETP Lett.",
      volume         = "65",
      pages          = "615-620",
      doi            = "10.1134/1.567389",
      year           = "1997",
      eprint         = "hep-ph/9704255",
      archivePrefix  = "arXiv",
      primaryClass   = "hep-ph",
}


@article{Zakharov:1999zk,
      author         = "Zakharov, B.G.",
      title          = "{Transverse spectra of radiation processes in-medium}",
      journal        = "JETP Lett.",
      volume         = "70",
      pages          = "176-182",
      doi            = "10.1134/1.568149",
      year           = "1999",
      eprint         = "hep-ph/9906536",
      archivePrefix  = "arXiv",
      primaryClass   = "hep-ph",
}


@article{Zapp:2011ya,
      author         = "Zapp, Korinna Christine and Stachel, Johanna and
                        Wiedemann, Urs Achim",
      title          = "{A local Monte Carlo framework for coherent QCD parton
                        energy loss}",
      year           = "2011",
      eprint         = "1103.6252",
      archivePrefix  = "arXiv",
      primaryClass   = "hep-ph",
}


@article{Zapp:2010sp,
      author         = "Zapp, Korinna Christine",
      title          = "{Monte Carlo simulations of jet quenching in heavy ion
                        collisions}",
      journal        = "Nucl.Phys.",
      volume         = "A855",
      pages          = "60-66",
      doi            = "10.1016/j.nuclphysa.2011.02.019",
      year           = "2011",
      eprint         = "1012.0177",
      archivePrefix  = "arXiv",
      primaryClass   = "hep-ph",
}


@Article{Mulders:2000jt,
     author    = "Mulders, P. J.",
     title     = "{Current fragmentation in semi-inclusive leptoproduction}",
     journal   = "AIP Conf. Proc.",
     volume    = "588",
     year      = "2001",
     pages     = "75-88",
     eprint    = "hep-ph/0010199",
     archivePrefix = "arXiv",
     doi       = "10.1063/1.1413147",
     SLACcitation  = "%%CITATION = HEP-PH/0010199;%%"
}


@article{Arvidson:1984fz,
      author         = "Arvidson, A. and others",
      title          = "{Hadron production in 200 GeV $\mu$-copper and 
                         $\mu$-carbon deep inelastic interactions}",
      collaboration  = "European Muon Collaboration",
      journal        = "Nucl.Phys.",
      volume         = "B246",
      pages          = "381",
      doi            = "10.1016/0550-3213(84)90045-2",
      year           = "1984",
}


@article{Ashman:1991cx,
      author         = "Ashman, J. and others",
      title          = "{Comparison of forward hadrons produced in muon
                        interactions on nuclear targets and deuterium}",
      collaboration  = "European Muon Collaboration",
      journal        = "Z.Phys.",
      volume         = "C52",
      pages          = "1-12",
      doi            = "10.1007/BF01412322",
      year           = "1991",
}


@article{Hand:1978tx,
      author         = "Hand, L. and Petersen, D. and Scott, H. and Gottfried, K.
                        and Atac, M. and others",
      title          = "{Intranuclear cascading in deep inelastic scattering of
                        150-GeV muons in emulsion}",
      journal        = "Z.Phys.",
      volume         = "C1",
      pages          = "139-142",
      doi            = "10.1007/BF01445405",
      year           = "1979",
}


@article{Adams:1994ri,
      author         = "Adams, M.R. and others",
      title          = "{Nuclear shadowing, diffractive scattering and low
                        momentum protons in $\mu Xe$ interactions at 490-GeV}",
      collaboration  = "E665 Collaboration",
      journal        = "Z.Phys.",
      volume         = "C65",
      pages          = "225-244",
      doi            = "10.1007/BF01571879",
      year           = "1995",
}


@article{Hafidi:2006ig,
      author         = "Hafidi, Kawtar",
      title          = "{Dynamics Of Hadronization From Nuclear Semi Inclusive
                        Deep Inelastic Scattering}",
      collaboration  = "CLAS Collaboration",
      journal        = "AIP Conf.Proc.",
      volume         = "870",
      pages          = "669-672",
      doi            = "10.1063/1.2402726",
      year           = "2006",
      eprint         = "nucl-ex/0609005",
      archivePrefix  = "arXiv",
      primaryClass   = "nucl-ex",
}


@article{Airapetian:2000ks,
      author         = "Airapetian, A. and others",
      title          = "{Hadron formation in deep inelastic positron scattering
                        in a nuclear environment}",
      collaboration  = "HERMES Collaboration",
      journal        = "Eur.Phys.J.",
      volume         = "C20",
      pages          = "479-486",
      doi            = "10.1007/s100520100697",
      year           = "2001",
      eprint         = "hep-ex/0012049",
      archivePrefix  = "arXiv",
      primaryClass   = "hep-ex",
}


@article{Airapetian:2003mi,
      author         = "Airapetian, A. and others",
      title          = "{Quark fragmentation to $\pi^\pm$, $\pi^0$, $K^\pm$, $p$ and anti-$p$ in
                        the nuclear environment}",
      collaboration  = "HERMES Collaboration",
      journal        = "Phys.Lett.",
      volume         = "B577",
      pages          = "37-46",
      doi            = "10.1016/j.physletb.2003.10.026",
      year           = "2003",
      eprint         = "hep-ex/0307023",
      archivePrefix  = "arXiv",
      primaryClass   = "hep-ex",
}


@article{Airapetian:2005yh,
      author         = "Airapetian, A. and others",
      title          = "{Double hadron leptoproduction in the nuclear medium}",
      collaboration  = "HERMES Collaboration",
      journal        = "Phys.Rev.Lett.",
      volume         = "96",
      pages          = "162301",
      doi            = "10.1103/PhysRevLett.96.162301",
      year           = "2006",
      eprint         = "hep-ex/0510030",
      archivePrefix  = "arXiv",
      primaryClass   = "hep-ex",
}


@article{Airapetian:2007vu,
      author         = "Airapetian, A. and others",
      title          = "{Hadronization in semi-inclusive deep-inelastic
                        scattering on nuclei}",
      collaboration  = "HERMES Collaboration",
      journal        = "Nucl.Phys.",
      volume         = "B780",
      pages          = "1-27",
      doi            = "10.1016/j.nuclphysb.2007.06.004",
      year           = "2007",
      eprint         = "0704.3270",
      archivePrefix  = "arXiv",
      primaryClass   = "hep-ex",
}


@article{Airapetian:2009jy,
      author         = "Airapetian, A. and others",
      title          = "{Transverse momentum broadening of hadrons produced in
                        semi-inclusive deep-inelastic scattering on nuclei}",
      collaboration  = "HERMES Collaboration",
      journal        = "Phys.Lett.",
      volume         = "B684",
      pages          = "114-118",
      doi            = "10.1016/j.physletb.2010.01.020",
      year           = "2010",
      eprint         = "0906.2478",
      archivePrefix  = "arXiv",
      primaryClass   = "hep-ex",
}

@article{Airapetian:2011jp,
      author         = "Airapetian, A. and others",
      title          = "{Multidimensional Study of Hadronization in Nuclei}",
      collaboration  = "HERMES Collaboration",
      journal        = "Eur.Phys.J.",
      volume         = "A47",
      pages          = "113",
      doi            = "10.1140/epja/i2011-11113-5",
      year           = "2011",
      eprint         = "1107.3496",
      archivePrefix  = "arXiv",
      primaryClass   = "hep-ex",
}

@Article{Asaturyan:2011mq,
     author    = "Asaturyan, R. and others",
     title     = "{Semi-Inclusive Charged-Pion Electroproduction off Protons
                  and Deuterons: Cross Sections, Ratios and Access to the
                  Quark-Parton Model at Low Energies}",
     year      = "2011",
     eprint    = "1103.1649",
     archivePrefix = "arXiv",
     primaryClass  =  "nucl-ex",
     SLACcitation  = "%%CITATION = 1103.1649;%%"
}


@article{Nuruzzaman:2011dr,
      author         = "Nuruzzaman, and Dutta, D. and Arrington, J. and
                        Asaturyan, R. and Benmokhtar, F. and others",
      title          = "{Nuclear transparency and effective kaon-nucleon cross
                        section from the A(e, e'K+) reaction}",
      year           = "2011",
      eprint         = "1103.4120",
      archivePrefix  = "arXiv",
      primaryClass   = "nucl-ex",
}


@article{Osborne:1978ai,
      author         = "Osborne, L.S. and Bolon, C. and Lanza, R.L. and Luckey,
                        D. and Roth, D.G. and others",
      title          = "{Electroproduction of hadrons from nuclei}",
      journal        = "Phys.Rev.Lett.",
      volume         = "40",
      pages          = "1624",
      doi            = "10.1103/PhysRevLett.40.1624",
      year           = "1978",
}

@article{Hwa:2002pz,
      author         = "Hwa, Rudolph C. and Yang, C.B.",
      title          = "{Strangeness enhancement in the parton model}",
      journal        = "Phys.Rev.",
      volume         = "C66",
      pages          = "064903",
      doi            = "10.1103/PhysRevC.66.064903",
      year           = "2002",
      eprint         = "nucl-th/0206005",
      archivePrefix  = "arXiv",
      primaryClass   = "nucl-th",
}


@article{Accardi:2002tv,
      author         = "Accardi, Alberto and Muccifora, Valeria and Pirner,
                        Hans-Juergen",
      title          = "{Hadron production in deep inelastic lepton nucleus
                        scattering}",
      journal        = "Nucl.Phys.",
      volume         = "A720",
      pages          = "131-156",
      doi            = "10.1016/S0375-9474(03)00670-5",
      year           = "2003",
      eprint         = "nucl-th/0211011",
      archivePrefix  = "arXiv",
      primaryClass   = "nucl-th",
}


@article{Accardi:2005hk,
      author         = "Accardi, A. and Grunewald, D. and Muccifora, V. and
                        Pirner, H.J.",
      title          = "{Erratum: Atomic mass dependence of hadron production in
                        deep inelastic scattering on nuclei}",
      year           = "2005",
      eprint         = "hep-ph/0508036",
      archivePrefix  = "arXiv",
      primaryClass   = "hep-ph",
}


@article{Accardi:2007in,
      author         = "Accardi, Alberto",
      title          = "{Final state interactions and hadron quenching in cold
                        nuclear matter}",
      journal        = "Phys.Rev.",
      volume         = "C76",
      pages          = "034902",
      doi            = "10.1103/PhysRevC.76.034902",
      year           = "2007",
      eprint         = "0706.3227",
      archivePrefix  = "arXiv",
      primaryClass   = "nucl-th",
}

@article{Johnson:2000ph,
      author         = "Johnson, M.B. and others",
      title          = "{Energy loss of fast quarks in nuclei}",
      collaboration  = "FNAL E772 Collaboration",
      journal        = "Phys.Rev.Lett.",
      volume         = "86",
      pages          = "4483-4487",
      doi            = "10.1103/PhysRevLett.86.4483",
      year           = "2001",
      eprint         = "hep-ex/0010051",
      archivePrefix  = "arXiv",
      primaryClass   = "hep-ex",
}



@article{Bialas:1986cf,
      author         = "Bialas, A. and Gyulassy, M.",
      title          = "{Lund model and an outside - inside aspect of the inside
                        - outside cascade}",
      journal        = "Nucl.Phys.",
      volume         = "B291",
      pages          = "793",
      doi            = "10.1016/0550-3213(87)90496-2",
      year           = "1987",
}

@article{Bialas:1983kn,
      author         = "Bialas, A. and Chmaj, T.",
      title          = "{Leptoproduction of hadrons from nuclear targets and
                        fragmentation of quarks into hadrons}",
      journal        = "Phys.Lett.",
      volume         = "B133",
      pages          = "241",
      doi            = "10.1016/0370-2693(83)90569-5",
      year           = "1983",
}


@article{Falter:2004uc,
      author         = "Falter, T. and Cassing, W. and Gallmeister, K. and Mosel,
                        U.",
      title          = "{Hadron attenuation in deep inelastic lepton-nucleus
                        scattering}",
      journal        = "Phys.Rev.",
      volume         = "C70",
      pages          = "054609",
      doi            = "10.1103/PhysRevC.70.054609",
      year           = "2004",
      eprint         = "nucl-th/0406023",
      archivePrefix  = "arXiv",
      primaryClass   = "nucl-th",
}


@article{Falter:2003di,
      author         = "Falter, T. and Cassing, W. and Gallmeister, K. and Mosel,
                        U.",
      title          = "{Hadron formation and attenuation in deep inelastic
                        lepton scattering off nuclei}",
      journal        = "Phys.Lett.",
      volume         = "B594",
      pages          = "61-68",
      doi            = "10.1016/j.physletb.2004.04.089",
      year           = "2004",
      eprint         = "nucl-th/0303011",
      archivePrefix  = "arXiv",
      primaryClass   = "nucl-th",
}


@article{Gallmeister:2007an,
      author         = "Gallmeister, K. and Mosel, U.",
      title          = "{Time Dependent Hadronization via HERMES and EMC Data
                        Consistency}",
      journal        = "Nucl.Phys.",
      volume         = "A801",
      pages          = "68-79",
      doi            = "10.1016/j.nuclphysa.2007.12.009",
      year           = "2008",
      eprint         = "nucl-th/0701064",
      archivePrefix  = "arXiv",
      primaryClass   = "nucl-th",
}


@article{Akopov:2010pf,
      author         = "Akopov, N. and Grigoryan, L. and Akopov, Z.",
      title          = "{Study of the hadronization process in cold nuclear
                        medium}",
      journal        = "Eur.Phys.J.",
      volume         = "C70",
      pages          = "5-14",
      doi            = "10.1140/epjc/s10052-010-1451-y",
      year           = "2010",
      eprint         = "1003.3945",
      archivePrefix  = "arXiv",
      primaryClass   = "hep-ph",
}


@article{Grigoryan:2011pr,
      author         = "Grigoryan, L.",
      title          = "{Nuclear attenuation of high energy multi-hadron systems
                        in the string model}",
      year           = "2011",
      eprint         = "1103.4519",
      archivePrefix  = "arXiv",
      primaryClass   = "hep-ph",
}


@article{Arleo:2008dn,
      author         = "Arleo, Francois",
      title          = "{(Medium-modified) Fragmentation Functions}",
      journal        = "Eur.Phys.J.",
      volume         = "C61",
      pages          = "603-627",
      doi            = "10.1140/epjc/s10052-009-0871-z",
      year           = "2009",
      eprint         = "0810.1193",
      archivePrefix  = "arXiv",
      primaryClass   = "hep-ph",
}


@article{Armesto:2007dt,
      author         = "Armesto, Nestor and Cunqueiro, Leticia and Salgado,
                        Carlos A. and Xiang, Wen-Chang",
      title          = "{Medium-evolved fragmentation functions}",
      journal        = "JHEP",
      volume         = "0802",
      pages          = "048",
      doi            = "10.1088/1126-6708/2008/02/048",
      year           = "2008",
      eprint         = "0710.3073",
      archivePrefix  = "arXiv",
      primaryClass   = "hep-ph",
}


@article{Casher:1978wy,
      author         = "Casher, A. and Neuberger, H. and Nussinov, S.",
      title          = "{Chromoelectric Flux Tube Model of Particle Production}",
      journal        = "Phys.Rev.",
      volume         = "D20",
      pages          = "179-188",
      doi            = "10.1103/PhysRevD.20.179",
      year           = "1979",
}


@article{Czyzewski:1990wb,
      author         = "Czyzewski, J.",
      title          = "{Nuclear attenuation of a two hadron system and the
                        string model}",
      year           = "1990",
}


@article{Czyzewski:1990pg,
      author         = "Czyzewski, J.",
      title          = "{Formation time of multiparticle systems in the string
                        model}",
      journal        = "Phys.Rev.",
      volume         = "C43",
      pages          = "2426-2431",
      doi            = "10.1103/PhysRevC.43.2426",
      year           = "1991",
}

@article{Mardor:1998zf,
      author         = "Mardor, I. and Durrant, S. and Aclander, J. and Alster,
                        J. and Barton, D. and others",
      title          = "{Nuclear transparency in large momentum transfer
                        quasielastic scattering}",
      journal        = "Phys.Rev.Lett.",
      volume         = "81",
      pages          = "5085-5088",
      doi            = "10.1103/PhysRevLett.81.5085",
      year           = "1998",
}


@article{Deng:2010xv,
      author         = "Deng, Wei-Tian and Chang, Ning-Bo and Wang, Xin-Nian",
      title          = "{Modified DGLAP Evolution for Fragmentation Functions in
                        Nuclei and QGP}",
      journal        = "Nucl.Phys.",
      volume         = "A855",
      pages          = "416-419",
      doi            = "10.1016/j.nuclphysa.2011.02.094",
      year           = "2011",
      eprint         = "1012.1514",
      archivePrefix  = "arXiv",
      primaryClass   = "nucl-th",
}

@article{Kopeliovich:2007mm,
      author         = "Kopeliovich, B.Z. and Nemchik, J. and Schmidt, Ivan",
      title          = "{Color transparency in electroproduction of the 
                         $\rho$ meson at low energies}",
      journal        = "Phys.Rev.",
      volume         = "C76",
      pages          = "015205",
      doi            = "10.1103/PhysRevC.76.015205",
      year           = "2007",
      eprint         = "hep-ph/0702272",
      archivePrefix  = "arXiv",
      primaryClass   = "HEP-PH",
}

@Article{Kaskulov:2008ej,
     author    = "Kaskulov, Murat M. and Gallmeister, Kai and Mosel, Ulrich",
     title     = "{Pionic transparency in semi-exclusive electroproduction
                  off nuclei}",
     journal   = "Phys. Rev.",
     volume    = "C79",
     year      = "2009",
     pages     = "015207",
     eprint    = "0808.2564",
     archivePrefix = "arXiv",
     primaryClass  =  "nucl-th",
     doi       = "10.1103/PhysRevC.79.015207",
     SLACcitation  = "%%CITATION = 0808.2564;%%"
}


@article{Gyulassy:1990dk,
      author         = "Gyulassy, M. and Plumer, M.",
      title          = "{Jet quenching in lepton nucleus scattering}",
      journal        = "Nucl.Phys.",
      volume         = "B346",
      pages          = "1-16",
      doi            = "10.1016/0550-3213(90)90235-6",
      year           = "1990",
}


@article{Majumder:2004pt,
      author         = "Majumder, A. and Wang, Enke and Wang, Xin-Nian",
      title          = "{Modified dihadron fragmentation functions in hot and
                        nuclear matter}",
      journal        = "Phys.Rev.Lett.",
      volume         = "99",
      pages          = "152301",
      doi            = "10.1103/PhysRevLett.99.152301",
      year           = "2007",
      eprint         = "nucl-th/0412061",
      archivePrefix  = "arXiv",
      primaryClass   = "nucl-th",
}


@article{Sassot:2009sh,
      author         = "Sassot, Rodolfo and Stratmann, Marco and Zurita, Pia",
      title          = "{Fragmentations Functions in Nuclear Media}",
      journal        = "Phys.Rev.",
      volume         = "D81",
      pages          = "054001",
      doi            = "10.1103/PhysRevD.81.054001",
      year           = "2010",
      eprint         = "0912.1311",
      archivePrefix  = "arXiv",
      primaryClass   = "hep-ph",
}


@article{Anselmino:2011ss,
      author         = "Anselmino, Mauro and Barone, Vincenzo and Kotzinian,
                        Aram",
      title          = "{SIDIS in the target fragmentation region: Polarized and
                        transverse momentum dependent fracture functions}",
      year           = "2011",
      eprint         = "1102.4214",
      archivePrefix  = "arXiv",
      primaryClass   = "hep-ph",
}

@article{CiofidegliAtti:1995qe,
      author         = "Ciofi degli Atti, Claudio and Simula, S.",
      title          = "{Realistic model of the nucleon spectral function in few
                        and many nucleon systems}",
      journal        = "Phys.Rev.",
      volume         = "C53",
      pages          = "1689",
      doi            = "10.1103/PhysRevC.53.1689",
      year           = "1996",
      eprint         = "nucl-th/9507024",
      archivePrefix  = "arXiv",
      primaryClass   = "nucl-th",
}

@article{CiofidegliAtti:2004pv,
      author         = "Ciofi degli Atti, C. and Kopeliovich, B.Z.",
      title          = "{Time evolution of hadronization and grey tracks in DIS
                        off nuclei}",
      journal        = "Phys.Lett.",
      volume         = "B606",
      pages          = "281-287",
      doi            = "10.1016/j.physletb.2004.12.021",
      year           = "2005",
      eprint         = "hep-ph/0409077",
      archivePrefix  = "arXiv",
      primaryClass   = "hep-ph",
}


@article{Palli:2009it,
      author         = "Palli, V. and Ciofi degli Atti, C. and Kaptari, L.P. and
                        Mezzetti, C.B. and Alvioli, M.",
      title          = "{Slow Proton Production in Semi-Inclusive Deep Inelastic
                        Scattering off Deuteron and Complex Nuclei: Hadronization
                        and Final State Interaction Effects}",
      journal        = "Phys.Rev.",
      volume         = "C80",
      pages          = "054610",
      doi            = "10.1103/PhysRevC.80.054610",
      year           = "2009",
      eprint         = "0911.1377",
      archivePrefix  = "arXiv",
      primaryClass   = "nucl-th",
}

@article{Fries:2003kq,
      author         = "Fries, R.J. and Muller, Berndt and Nonaka, C. and Bass,
                        S.A.",
      title          = "{Hadron production in heavy ion collisions: Fragmentation
                        and recombination from a dense parton phase}",
      journal        = "Phys.Rev.",
      volume         = "C68",
      pages          = "044902",
      doi            = "10.1103/PhysRevC.68.044902",
      year           = "2003",
      eprint         = "nucl-th/0306027",
      archivePrefix  = "arXiv",
      primaryClass   = "nucl-th",
}

@article{Hwa:2004zd,
      author         = "Hwa, Rudolph C. and Yang, C.B.",
      title          = "{Final state interaction as the origin of the Cronin
                        effect}",
      journal        = "Phys.Rev.Lett.",
      volume         = "93",
      pages          = "082302",
      doi            = "10.1103/PhysRevLett.93.082302",
      year           = "2004",
      eprint         = "nucl-th/0403001",
      archivePrefix  = "arXiv",
      primaryClass   = "nucl-th",
}

@Article{Hwa:2010xb,
     author    = "Hwa, Rudy",
     title     = "{Recombination in nuclear collisions}",
     journal   = "PoS",
     volume    = "CERP2010",
     year      = "2010",
     pages     = "004",
     eprint    = "1009.0506",
     archivePrefix = "arXiv",
     primaryClass  =  "nucl-th",
     SLACcitation  = "%%CITATION = 1009.0506;%%"
}

@article{Kopeliovich:2007yv,
      author         = "Kopeliovich, B.Z. and Pirner, H.-J. and Potashnikova,
                        I.K. and Schmidt, Ivan",
      title          = "{Jet lag effect and leading hadron production}",
      journal        = "Phys.Lett.",
      volume         = "B662",
      pages          = "117-122",
      doi            = "10.1016/j.physletb.2008.02.061,
                        10.1016/j.physletb.2008.02.061",
      year           = "2008",
      eprint         = "0706.3059",
      archivePrefix  = "arXiv",
      primaryClass   = "hep-ph",
}


@article{Kopeliovich:2007fv,
      author         = "Kopeliovich, B.Z. and Pirner, H.J. and Rezaeian, A.H. and
                        Schmidt, Ivan",
      title          = "{Azimuthal anisotropy of direct photons}",
      journal        = "Phys.Rev.",
      volume         = "D77",
      pages          = "034011",
      doi            = "10.1103/PhysRevD.77.034011",
      year           = "2008",
      eprint         = "0711.3010",
      archivePrefix  = "arXiv",
      primaryClass   = "hep-ph",
}


@article{Pirner:2006ui,
      author         = "Pirner, H.J. and Grunewald, D.",
      title          = "{Higher Twist Effects in Deep Inelastic Scattering on
                        Nuclei}",
      journal        = "Nucl.Phys.",
      volume         = "A782",
      pages          = "158-165",
      doi            = "10.1016/j.nuclphysa.2006.10.053",
      year           = "2007",
      eprint         = "hep-ph/0608033",
      archivePrefix  = "arXiv",
      primaryClass   = "hep-ph",
}


@article{Farrar:1988me,
      author         = "Farrar, G.R. and Liu, H. and Frankfurt, L.L. and
                        Strikman, M.I.",
      title          = "{Transparency in Nuclear Quasiexclusive Processes with
                        Large Momentum Transfer}",
      journal        = "Phys.Rev.Lett.",
      volume         = "61",
      pages          = "686-689",
      doi            = "10.1103/PhysRevLett.61.686",
      year           = "1988",
}

