
@article{Chekanov:2003ya,
      author         = "Chekanov, S. and others",
      title          = "{Measurement of deeply virtual Compton scattering at
                        HERA}",
      collaboration  = "ZEUS",
      journal        = "Phys. Lett.",
      volume         = "B573",
      year           = "2003",
      pages          = "46-62",
      doi            = "10.1016/j.physletb.2003.08.048",
      eprint         = "hep-ex/0305028",
      archivePrefix  = "arXiv",
      primaryClass   = "hep-ex",
      reportNumber   = "DESY-03-059",
      SLACcitation   = "%%CITATION = HEP-EX/0305028;%%"
}
